@article{Nguyen2015,
abstract = {Nowadays, with the advance of technology, many applications generate huge amounts of data streams at very high speed. Examples include network traffic, web click streams, video surveillance, and sensor networks. Data stream mining has become a hot research topic. Its goal is to extract hidden knowledge/patterns from continuous data streams. Unlike traditional data mining where the dataset is static and can be repeatedly read many times, data stream mining algorithms face many challenges and have to satisfy constraints such as bounded memory, single-pass, real-time response, and concept-drift detection. This paper presents a comprehensive survey of the state-of-the-art data stream mining algorithms with a focus on clustering and classification because of their ubiquitous usage. It identifies mining constraints, proposes a general model for data stream mining, and depicts the rela-tionship between traditional data mining and data stream mining. Furthermore, it analyzes the advantages as well as limitations of data stream algorithms and suggests potential areas for future research.},
author = {Nguyen, Hai-Long and Woon, Yew-Kwong and Ng, Wee-Keong},
doi = {10.1007/s10115-014-0808-1},
file = {:home/vahid/.local/share/data/Mendeley Ltd./Mendeley Desktop/Downloaded/Nguyen, Woon, Ng - 2015 - A survey on data stream clustering and classification.pdf:pdf},
issn = {0219-1377},
journal = {Knowl Inf Syst},
keywords = {Classification {\textperiodcentered},Clustering {\textperiodcentered},Data stream mining {\textperiodcentered},Survey},
mendeley-groups = {StreamData},
pages = {535--569},
title = {{A survey on data stream clustering and classification}},
url = {http://dx.doi.org/10.1007/s10115-014-0808-1},
volume = {45},
year = {2015}
}

@book{aggarwal2012mining,
  title={Mining text data},
  author={Aggarwal, Charu C and Zhai, ChengXiang},
  year={2012},
  publisher={Springer Science \& Business Media}
}

@book{leskovec2014mining,
  title={Mining of massive datasets},
  author={Leskovec, Jure and Rajaraman, Anand and Ullman, Jeffrey David},
  year={2014},
  publisher={Cambridge University Press}
}

@incollection{aggarwal2009data,
  title={Data streams: An overview and scientific applications},
  author={Aggarwal, Charu C},
  booktitle={Scientific Data Mining and Knowledge Discovery},
  pages={377--397},
  year={2009},
  publisher={Springer}
}


@inproceedings{aggarwal2012event,
  title={Event Detection in Social Streams.},
  author={Aggarwal, Charu C and Subbian, Karthik},
  booktitle={SDM},
  volume={12},
  pages={624--635},
  year={2012},
  organization={SIAM}
}

@inproceedings{bifet2010adaptive,
  title={Adaptive stream mining: Pattern learning and mining from evolving data streams},
  author={Bifet, Albert},
  booktitle={Proceedings of the 2010 conference on adaptive stream mining: Pattern learning and mining from evolving data streams},
  pages={1--212},
  year={2010},
  organization={Ios Press}
}

@article{bifet2010moa,
  title={Moa: Massive online analysis},
  author={Bifet, Albert and Holmes, Geoff and Kirkby, Richard and Pfahringer, Bernhard},
  journal={Journal of Machine Learning Research},
  volume={11},
  number={May},
  pages={1601--1604},
  year={2010}
}

@article{hall2009weka,
  title={The WEKA data mining software: an update},
  author={Hall, Mark and Frank, Eibe and Holmes, Geoffrey and Pfahringer, Bernhard and Reutemann, Peter and Witten, Ian H},
  journal={ACM SIGKDD explorations newsletter},
  volume={11},
  number={1},
  pages={10--18},
  year={2009},
  publisher={ACM}
}

@book{hofmann2013rapidminer,
  title={RapidMiner: Data mining use cases and business analytics applications},
  author={Hofmann, Markus and Klinkenberg, Ralf},
  year={2013},
  publisher={CRC Press}
}

@book{gama2007learning,
  title={Learning from data streams},
  author={Gama, Joao and Gaber, Mohamed Medhat},
  year={2007},
  publisher={Springer}
}

@inproceedings{hulten2001mining,
  title={Mining time-changing data streams},
  author={Hulten, Geoff and Spencer, Laurie and Domingos, Pedro},
  booktitle={Proceedings of the seventh ACM SIGKDD international conference on Knowledge discovery and data mining},
  pages={97--106},
  year={2001},
  organization={ACM}
}

@article{gama2013evaluating,
  title={On evaluating stream learning algorithms},
  author={Gama, Jo{\~a}o and Sebasti{\~a}o, Raquel and Rodrigues, Pedro Pereira},
  journal={Machine Learning},
  volume={90},
  number={3},
  pages={317--346},
  year={2013},
  publisher={Springer}
}
@inproceedings{domingos2000mining,
  title={Mining high-speed data streams},
  author={Domingos, Pedro and Hulten, Geoff},
  booktitle={Proceedings of the sixth ACM SIGKDD international conference on Knowledge discovery and data mining},
  pages={71--80},
  year={2000},
  organization={ACM}
}
@inproceedings{narasimhamurthy2007framework,
  title={A framework for generating data to simulate changing environments.},
  author={Narasimhamurthy, Anand M and Kuncheva, Ludmila I},
  booktitle={Artificial Intelligence and Applications},
  pages={415--420},
  year={2007}
}

@article{bouguelia2016adaptive,
  title={An adaptive streaming active learning strategy based on instance weighting},
  author={Bouguelia, Mohamed-Rafik and Bela{\"\i}d, Yolande and Bela{\"\i}d, Abdel},
  journal={Pattern Recognition Letters},
  volume={70},
  pages={38--44},
  year={2016},
  publisher={Elsevier}
}

@inproceedings{kelly1999impact,
  title={The impact of changing populations on classifier performance},
  author={Kelly, Mark G and Hand, David J and Adams, Niall M},
  booktitle={Proceedings of the fifth ACM SIGKDD international conference on Knowledge discovery and data mining},
  pages={367--371},
  year={1999},
  organization={ACM}
}

@article{last2002online,
  title={Online classification of nonstationary data streams},
  author={Last, Mark},
  journal={Intelligent data analysis},
  volume={6},
  number={2},
  pages={129--147},
  year={2002},
  publisher={IOS Press}
}

@inproceedings{yu2003feature,
  title={Feature selection for high-dimensional data: A fast correlation-based filter solution},
  author={Yu, Lei and Liu, Huan},
  booktitle={ICML},
  volume={3},
  pages={856--863},
  year={2003}
}

@inproceedings{leite2010evolving,
  title={Evolving granular neural network for semi-supervised data stream classification},
  author={Leite, Daniel and Costa, Pyramo and Gomide, Fernando},
  booktitle={The 2010 international joint conference on neural networks (IJCNN)},
  pages={1--8},
  year={2010},
  organization={IEEE}
}
@inproceedings{zhang2011enabling,
  title={Enabling fast lazy learning for data streams},
  author={Zhang, Peng and Gao, Byron J and Zhu, Xingquan and Guo, Li},
  booktitle={2011 IEEE 11th International Conference on Data Mining},
  pages={932--941},
  year={2011},
  organization={IEEE}
}
@inproceedings{aggarwal2003framework,
  title={A framework for clustering evolving data streams},
  author={Aggarwal, Charu C and Han, Jiawei and Wang, Jianyong and Yu, Philip S},
  booktitle={Proceedings of the 29th international conference on Very large data bases-Volume 29},
  pages={81--92},
  year={2003},
  organization={VLDB Endowment}
}

@article{aggarwal2006framework,
  title={A framework for on-demand classification of evolving data streams},
  author={Aggarwal, Charu C and Han, Jiawei and Wang, Jianyong and Yu, Philip S},
  journal={IEEE Transactions on Knowledge and Data Engineering},
  volume={18},
  number={5},
  pages={577--589},
  year={2006},
  publisher={IEEE}
}

@inproceedings{leite2009evolving,
  title={Evolving granular classification neural networks},
  author={Leite, Daniel F and Costa, Pyramo and Gomide, Fernando},
  booktitle={2009 International Joint Conference on Neural Networks},
  pages={1736--1743},
  year={2009},
  organization={IEEE}
}

@article{zhang2011robust,
  title={Robust ensemble learning for mining noisy data streams},
  author={Zhang, Peng and Zhu, Xingquan and Shi, Yong and Guo, Li and Wu, Xindong},
  journal={Decision Support Systems},
  volume={50},
  number={2},
  pages={469--479},
  year={2011},
  publisher={Elsevier}
}

@inproceedings{nguyen2012heterogeneous,
  title={Heterogeneous ensemble for feature drifts in data streams},
  author={Nguyen, Hai-Long and Woon, Yew-Kwong and Ng, Wee-Keong and Wan, Li},
  booktitle={Pacific-Asia Conference on Knowledge Discovery and Data Mining},
  pages={1--12},
  year={2012},
  organization={Springer}
}

@inproceedings{oza2005online,
  title={Online bagging and boosting},
  author={Oza, Nikunj C},
  booktitle={2005 IEEE international conference on systems, man and cybernetics},
  volume={3},
  pages={2340--2345},
  year={2005},
  organization={IEEE}
}

@article{rai2009streamed,
  title={Streamed learning: one-pass SVMs},
  author={Rai, Piyush and Daum{\'e} III, Hal and Venkatasubramanian, Suresh},
  journal={arXiv preprint arXiv:0908.0572},
  year={2009}
}

@article{hashemi2009adapted,
  title={Adapted one-versus-all decision trees for data stream classification},
  author={Hashemi, Sattar and Yang, Ying and Mirzamomen, Zahra and Kangavari, Mohammadreza},
  journal={IEEE Transactions on Knowledge and Data Engineering},
  volume={21},
  number={5},
  pages={624--637},
  year={2009},
  publisher={IEEE}
}

@article{sebastiani2002machine,
  title={Machine learning in automated text categorization},
  author={Sebastiani, Fabrizio},
  journal={ACM computing surveys (CSUR)},
  volume={34},
  number={1},
  pages={1--47},
  year={2002},
  publisher={ACM}
}

@inproceedings{seidl2009indexing,
  title={Indexing density models for incremental learning and anytime classification on data streams},
  author={Seidl, Thomas and Assent, Ira and Kranen, Philipp and Krieger, Ralph and Herrmann, Jennifer},
  booktitle={Proceedings of the 12th international conference on extending database technology: advances in database technology},
  pages={311--322},
  year={2009},
  organization={ACM}
}

@inproceedings{street2001streaming,
  title={A streaming ensemble algorithm (SEA) for large-scale classification},
  author={Street, W Nick and Kim, YongSeog},
  booktitle={Proceedings of the seventh ACM SIGKDD international conference on Knowledge discovery and data mining},
  pages={377--382},
  year={2001},
  organization={ACM}
}



@inproceedings{tsang2007simpler,
  title={Simpler core vector machines with enclosing balls},
  author={Tsang, Ivor W and Kocsor, Andras and Kwok, James T},
  booktitle={Proceedings of the 24th international conference on Machine learning},
  pages={911--918},
  year={2007},
  organization={ACM}
}
@article{liu2005toward,
  title={Toward integrating feature selection algorithms for classification and clustering},
  author={Liu, Huan and Yu, Lei},
  journal={IEEE Transactions on knowledge and data engineering},
  volume={17},
  number={4},
  pages={491--502},
  year={2005},
  publisher={IEEE}
}
@inproceedings{wang2003mining,
  title={Mining concept-drifting data streams using ensemble classifiers},
  author={Wang, Haixun and Fan, Wei and Yu, Philip S and Han, Jiawei},
  booktitle={Proceedings of the ninth ACM SIGKDD international conference on Knowledge discovery and data mining},
  pages={226--235},
  year={2003},
  organization={ACM}
}